<record><leader>00000cas a2200000 a 4500</leader><controlfield tag="001">23669457</controlfield><controlfield tag="008">910501d17981800maucr ne      0    0eng c</controlfield><datafield ind1=" " ind2=" " tag="010"><subfield code="a">sn 91058047 </subfield></datafield><datafield ind1=" " ind2=" " tag="040"><subfield code="a">MGN</subfield><subfield code="b">eng</subfield><subfield code="c">MGN</subfield><subfield code="d">NYS</subfield><subfield code="d">MGN</subfield><subfield code="d">HUL</subfield><subfield code="d">CNK</subfield><subfield code="d">NVK</subfield><subfield code="d">OCL</subfield><subfield code="d">CVF</subfield><subfield code="d">NYS</subfield><subfield code="d">OCLCQ</subfield><subfield code="d">DLC</subfield><subfield code="d">OCLCG</subfield><subfield code="d">UKMGB</subfield><subfield code="d">OCLCQ</subfield><subfield code="d">OCLCF</subfield><subfield code="d">OCLCO</subfield></datafield><datafield ind1="7" ind2=" " tag="016"><subfield code="a">013918665</subfield><subfield code="2">Uk</subfield></datafield><datafield ind1=" " ind2=" " tag="042"><subfield code="a">pcc</subfield></datafield><datafield ind1=" " ind2=" " tag="043"><subfield code="a">n-us-ma</subfield></datafield><datafield ind1="0" ind2="0" tag="050"><subfield code="a">Newspaper</subfield></datafield><datafield ind1="0" ind2="0" tag="245"><subfield code="a">J. Russell's gazette, commercial and political.</subfield></datafield><datafield ind1=" " ind2=" " tag="260"><subfield code="a">Boston [Mass.] :</subfield><subfield code="b">J. Russell,</subfield><subfield code="c">1798-1800.</subfield></datafield><datafield ind1=" " ind2=" " tag="300"><subfield code="a">5 v.</subfield></datafield><datafield ind1=" " ind2=" " tag="310"><subfield code="a">Semiweekly</subfield></datafield><datafield ind1="0" ind2=" " tag="362"><subfield code="a">Vol. 5, no. 30 (Dec. 17, 1798)-v. 9, no. 10 (Oct. 6, 1800).</subfield></datafield><datafield ind1=" " ind2=" " tag="500"><subfield code="a">Publisher: James Cutler, Jan. 13, 1800-Oct. 6, 1800.</subfield></datafield><datafield ind1=" " ind2=" " tag="530"><subfield code="a">Available on microfilm and microopaque from Readex Microprint Corp.</subfield></datafield><datafield ind1=" " ind2="0" tag="651"><subfield code="a">Boston (Mass.)</subfield><subfield code="v">Newspapers.</subfield></datafield><datafield ind1=" " ind2="0" tag="651"><subfield code="a">Suffolk County (Mass.)</subfield><subfield code="v">Newspapers.</subfield></datafield><datafield ind1=" " ind2="7" tag="655"><subfield code="a">Newspapers.</subfield><subfield code="2">fast</subfield><subfield code="0">(OCoLC)fst01423814</subfield></datafield><datafield ind1=" " ind2="7" tag="651"><subfield code="a">Massachusetts</subfield><subfield code="z">Boston.</subfield><subfield code="2">fast</subfield><subfield code="0">(OCoLC)fst01205012</subfield></datafield><datafield ind1=" " ind2="7" tag="651"><subfield code="a">Massachusetts</subfield><subfield code="z">Suffolk County.</subfield><subfield code="2">fast</subfield><subfield code="0">(OCoLC)fst01206189</subfield></datafield><datafield ind1="1" ind2=" " tag="700"><subfield code="a">Russell, John,</subfield><subfield code="d">1764?-1831.</subfield></datafield><datafield ind1=" " ind2=" " tag="752"><subfield code="a">United States</subfield><subfield code="b">Massachusetts</subfield><subfield code="c">Suffolk</subfield><subfield code="d">Boston.</subfield></datafield><datafield ind1="0" ind2="0" tag="780"><subfield code="t">Russell's gazette commercial and political</subfield><subfield code="w">(DLC)sn 83021281</subfield><subfield code="w">(OCoLC)2267338</subfield></datafield><datafield ind1="0" ind2="0" tag="785"><subfield code="t">Boston gazette, commercial and political</subfield><subfield code="w">(DLC)sn 83021282</subfield><subfield code="w">(OCoLC)10069258</subfield></datafield><datafield ind1=" " ind2=" " tag="850"><subfield code="a">MH</subfield></datafield></record>